@article{chen2007passenger,
  author  = {Chen, Fisher Chia-Yu},
  title   = {Passenger use intentions for electronic tickets on international flights},
  journal = {Journal of Air Transport Management},
  year    = {2007},
  volume  = {13},
  number  = {2},
  pages   = {110--115},
  doi     = {10.1016/j.jairtraman.2006.09.004}
}

@misc{Kurniawan2024,
  author = {Kurniawan, Hery},
  title  = {Banyak Penonton Tidak Bertiket Masuk SUGBK saat Timnas Indonesia Vs Jepang: Malah yang Punya Tiket Tidak Dapat Tempat Duduk},
  year   = {2024},
  howpublished = {\url{https://www.bola.com/indonesia/read/5790333/banyak-penonton-tidak-bertiket-masuk-sugbk-saat-timnas-indonesia-vs-jepang-malah-yang-punya-tiket-tidak-dapat-tempat-duduk}},
  note   = {Diakses pada 29 Oktober 2025}
}

@misc{Pamela2023,
  author = {Pamela, Dyah Ayu},
  title  = {Tiket Konser Coldplay di Jakarta 2023 Dijual Calo Berkali-kali Lipat hingga Rp22 Juta di Marketplace},
  year   = {2023},
  howpublished = {\url{https://www.liputan6.com/lifestyle/read/5289744/tiket-konser-coldplay-di-jakarta-2023-dijual-calo-berkali-kali-lipat-hingga-rp22-juta-di-marketplace}},
  note   = {Diakses pada 29 Oktober 2025}
}

@article{lubeck2012electronic,
  author  = {L{\"u}beck, Rafael Mendes and Wittmann, Milton Luiz and Battistella, Luciana Flores},
  title   = {Electronic Ticketing System As a Process of Innovation},
  journal = {Journal of Technology Management \& Innovation},
  year    = {2012},
  volume  = {7},
  number  = {1},
  pages   = {18--29},
  doi     = {10.4067/S0718-27242012000100002},
  issn    = {0718-2724}
}










@book{laudon2020,
  author    = {Kenneth C. Laudon and Jane P. Laudon},
  title     = {Sistem Informasi Manajemen},
  year      = {2020},
  publisher = {Pearson Education},
  address   = {Jakarta}
}

@book{pressman2019,
  author    = {Roger S. Pressman},
  title     = {Rekayasa Perangkat Lunak: Pendekatan Praktisi},
  year      = {2019},
  publisher = {McGraw-Hill Education},
  address   = {Yogyakarta}
}

@misc{BPBI,
        title = {Buku {Praktis} {Bahasa} {Indonesia} 1/{Kata} - {Wikisumber} bahasa {Indonesia}},
        url = {https://id.wikisource.org/wiki/Buku_Praktis_Bahasa_Indonesia_1/Kata},
        year = {2024},
        urldate = {2025-10-22},
}

@book{brynjolfsson2021machine,
  author       = {Erik Brynjolfsson and Andrew McAfee},
  title        = {The Machine, Platform, Crowd: Harnessing Our Digital Future},
  publisher    = {W. W. Norton \& Company},
  year         = {2021},
  address      = {New York},
  edition      = {Updated edition},
}

@book{shapiro2019information,
  author       = {Carl Shapiro and Hal R. Varian},
  title        = {Information Rules: A Strategic Guide to the Network Economy},
  publisher    = {Harvard Business School Press},
  year         = {2019},
  address      = {Boston},
}

@article{nguyen2022trust,
  author       = {Linh T. Nguyen and Sarah Patel},
  title        = {Trust, Privacy, and Data Ethics in AI Systems},
  journal      = {Ethics and Information Technology},
  volume       = {24},
  number       = {3},
  pages        = {315--332},
  year         = {2022},
  doi          = {10.1007/s10676-021-09612-8},
}

@article{williams2023supplychain,
  author       = {Thomas Williams and Priya Singh},
  title        = {Blockchain Applications for Transparent Supply Chains},
  journal      = {Journal of Operations Management},
  volume       = {74},
  number       = {2},
  pages        = {141--158},
  year         = {2023},
  doi          = {10.1016/j.jom.2023.01.005},
}

@inproceedings{rahman2024iot,
  author       = {Faisal Rahman and Julia Chen},
  title        = {Optimizing IoT Networks for Smart Cities},
  booktitle    = {Proceedings of the IEEE International Conference on Smart Infrastructure},
  year         = {2024},
  address      = {Tokyo, Japan},
  publisher    = {IEEE},
  pages        = {55--64},
  doi          = {10.1109/SI2024.9023417},
}

@incollection{miller2023cyber,
  author       = {Jason Miller},
  title        = {Cybersecurity Governance in Cloud Ecosystems},
  booktitle    = {Handbook of Information Systems Security},
  editor       = {Karen Chen and David Brooks},
  publisher    = {Springer},
  year         = {2023},
  address      = {Berlin},
  pages        = {181--205},
  doi          = {10.1007/978-3-031-11321-0_9},
}

@phdthesis{garcia2020ethics,
  author       = {Maria Garcia},
  title        = {Data Ethics in Machine Learning Systems},
  school       = {Massachusetts Institute of Technology},
  year         = {2020},
  address      = {Cambridge, MA},
  type         = {PhD dissertation},
}

@techreport{un2024ai,
  author       = {{United Nations Department of Economic and Social Affairs}},
  title        = {AI and Global Development: Policy Outlook 2024},
  institution  = {United Nations},
  year         = {2024},
  address      = {New York},
  url          = {https://www.un.org/ai-global-development-2024},
}

@manual{iso2023data,
  organization = {{International Organization for Standardization}},
  title        = {ISO/IEC 27001:2023 â€“ Information Security Management Systems},
  year         = {2023},
  address      = {Geneva},
  url          = {https://www.iso.org/standard/27001.html},
}

@online{worldbank2025report,
  author       = {{World Bank}},
  title        = {The Digital Economy Report 2025: Innovation, Inclusion, and Inequality},
  year         = {2025},
  url          = {https://www.worldbank.org/digital-economy-2025},
  note         = {Accessed October 22, 2025},
}

@misc{doe2025quantum,
  author       = {Jane Doe},
  title        = {The Rise of Quantum Computing Startups},
  howpublished = {\url{https://www.techinsights.com/articles/rise-of-quantum-computing-startups}},
  year         = {2025},
  note         = {Accessed October 20, 2025},
}

@article{nytimes2024aiethics,
  author       = {Alex Johnson},
  title        = {Tech Leaders Debate Regulation of Artificial Intelligence},
  journal      = {The New York Times},
  year         = {2024},
  month        = {March 15},
  url          = {https://www.nytimes.com/2024/03/15/technology/ai-regulation-debate.html},
  note         = {Accessed October 22, 2025},
}